<?xml version="1.0" encoding="UTF-8"?><collection xmlns="http://www.loc.gov/MARC21/slim"><record><leader>00511nam--2200181-i-4500</leader><controlfield tag="001">000007862</controlfield><controlfield tag="002">20161230</controlfield><controlfield tag="005">20161230201027</controlfield><controlfield tag="008">060222s1000------------r-----000-0-eng-d</controlfield><datafield ind1=" " ind2=" " tag="040"><subfield code="a">IFIN-HH</subfield></datafield><datafield ind1=" " ind2=" " tag="080"><subfield code="a">801.323.2=590=40</subfield></datafield><datafield ind1="1" ind2=" " tag="100"><subfield code="a">Braescu, Ion /S.A.</subfield></datafield><datafield ind1="1" ind2="0" tag="245"><subfield code="a">Dictionar de buzunar roman-francez</subfield><subfield code="c">Ion braescu (coordonator)</subfield></datafield><datafield ind1=" " ind2=" " tag="250"><subfield code="a">Editia A Ii-a Revizuita Si Adaugita</subfield></datafield><datafield ind1=" " ind2=" " tag="260"><subfield code="a">Bucuresti</subfield><subfield code="b">Editura Stiintifica</subfield><subfield code="c">1966</subfield></datafield><datafield ind1=" " ind2=" " tag="300"><subfield code="a">224P</subfield></datafield><datafield ind1=" " ind2=" " tag="852"><subfield code="a">D.390</subfield><subfield code="c">SLCH</subfield></datafield><datafield ind1=" " ind2=" " tag="CAT"><subfield code="a">Sys</subfield><subfield code="c">20130301</subfield><subfield code="h">104832</subfield></datafield></record></collection>